<record><leader>00000cas a22000007a 4500</leader><controlfield tag="001">12260034</controlfield><controlfield tag="008">850712d19041969aludr ne      0    0eng d</controlfield><controlfield tag="009">483</controlfield><datafield ind1=" " ind2=" " tag="010"><subfield code="a">sn 85044845 </subfield></datafield><datafield ind1=" " ind2=" " tag="040"><subfield code="a">AAA</subfield><subfield code="b">eng</subfield><subfield code="c">AAA</subfield><subfield code="d">CPN</subfield><subfield code="d">DLC</subfield><subfield code="d">CPN</subfield><subfield code="d">NSD</subfield></datafield><datafield ind1="1" ind2=" " tag="029"><subfield code="a">AU@</subfield><subfield code="b">000025830777</subfield></datafield><datafield ind1=" " ind2=" " tag="042"><subfield code="a">msc</subfield></datafield><datafield ind1="0" ind2="0" tag="050"><subfield code="a">Newspaper 7002</subfield></datafield><datafield ind1="0" ind2="0" tag="245"><subfield code="a">Opelika daily news.</subfield></datafield><datafield ind1="0" ind2="7" tag="246"><subfield code="a">Farmers daily</subfield></datafield><datafield ind1=" " ind2=" " tag="260"><subfield code="a">Opelika, Ala. :</subfield><subfield code="b">Wear &amp;. Wilson,</subfield><subfield code="c">1904-1969.</subfield></datafield><datafield ind1=" " ind2=" " tag="300"><subfield code="a">v. :</subfield><subfield code="b">ill. ;</subfield><subfield code="c">56-57 cm.</subfield></datafield><datafield ind1=" " ind2=" " tag="310"><subfield code="a">Daily</subfield></datafield><datafield ind1="0" ind2=" " tag="362"><subfield code="a">Vol. 16, no. 1 (May 30, 1904)-v. 80, no. 66 (Aug. 29, 1969).</subfield></datafield><datafield ind1=" " ind2=" " tag="500"><subfield code="a">Days of publication vary.</subfield></datafield><datafield ind1=" " ind2=" " tag="500"><subfield code="a">Issue for Mar. 13, 1925 is a special issue called "Pepperell welcoming edition."</subfield></datafield><datafield ind1=" " ind2=" " tag="500"><subfield code="a">Vol. 65, no. 100 (Sept. 14, 1954) is a special issue: "Centennial volume: 100 years of progress."</subfield></datafield><datafield ind1=" " ind2=" " tag="530"><subfield code="a">Also available on microfilm from Auburn University.</subfield></datafield><datafield ind1=" " ind2=" " tag="752"><subfield code="a">United States</subfield><subfield code="b">Alabama</subfield><subfield code="c">Lee</subfield><subfield code="d">Opelika.</subfield></datafield><datafield ind1="0" ind2="0" tag="780"><subfield code="t">Opelika industrial news</subfield><subfield code="w">(DLC)sn 85044844</subfield></datafield><datafield ind1="0" ind2="5" tag="780"><subfield code="t">Opelika morning post</subfield><subfield code="w">(DLC)sn 85045082</subfield></datafield><datafield ind1="0" ind2="5" tag="780"><subfield code="t">Opelika eagle</subfield><subfield code="w">(DLC)sn 85044506</subfield></datafield><datafield ind1="0" ind2="0" tag="785"><subfield code="t">Opelika Auburn news</subfield><subfield code="x">1044-7539</subfield><subfield code="w">(DLC)sn 85044846</subfield><subfield code="w">(OCoLC)11712983</subfield></datafield></record>